<record><leader>00000cas a2200000 a 4500</leader><controlfield tag="001">34999785</controlfield><controlfield tag="008">960627d18781911nyuwr ne      0    0eng c</controlfield><datafield ind1=" " ind2=" " tag="010"><subfield code="a">sn2002061593</subfield></datafield><datafield ind1=" " ind2=" " tag="040"><subfield code="a">VVW</subfield><subfield code="b">eng</subfield><subfield code="c">VVW</subfield><subfield code="d">OCL</subfield><subfield code="d">NYS</subfield><subfield code="d">OCLCQ</subfield><subfield code="d">NYS</subfield><subfield code="d">OCLCQ</subfield><subfield code="d">OCLCO</subfield></datafield><datafield ind1=" " ind2=" " tag="042"><subfield code="a">pcc</subfield></datafield><datafield ind1=" " ind2=" " tag="043"><subfield code="a">n-us-ny</subfield></datafield><datafield ind1="0" ind2="4" tag="245"><subfield code="a">The Katonah times.</subfield></datafield><datafield ind1=" " ind2=" " tag="260"><subfield code="a">Katonah, N.Y. :</subfield><subfield code="b">R.D. Knapp,</subfield><subfield code="c">1878-</subfield></datafield><datafield ind1=" " ind2=" " tag="300"><subfield code="a">v. :</subfield><subfield code="b">ill. ;</subfield><subfield code="c">56 cm.</subfield></datafield><datafield ind1=" " ind2=" " tag="310"><subfield code="a">Weekly</subfield></datafield><datafield ind1="1" ind2=" " tag="362"><subfield code="a">Began 1878.</subfield><subfield code="z">Cf. Griffin.</subfield></datafield><datafield ind1=" " ind2=" " tag="500"><subfield code="a">"Established 1878."</subfield></datafield><datafield ind1=" " ind2=" " tag="500"><subfield code="a">Published every Friday.</subfield></datafield><datafield ind1=" " ind2=" " tag="500"><subfield code="a">Combining the Croton Falls "News" and "Folio."</subfield></datafield><datafield ind1=" " ind2=" " tag="500"><subfield code="a">Publisher: Will H. Chamberlain &lt;1911-</subfield></datafield><datafield ind1=" " ind2=" " tag="500"><subfield code="a">Published at Mount Kisco, N.Y. &lt;1913-</subfield></datafield><datafield ind1="4" ind2=" " tag="510"><subfield code="a">Griffin, E.F. Westchester County and its People,</subfield><subfield code="c">p. 286</subfield></datafield><datafield ind1=" " ind2=" " tag="580"><subfield code="a">Continued in 1911 by: North Westchester Times.</subfield></datafield><datafield ind1=" " ind2=" " tag="588"><subfield code="a">Description based on: Vol. 20, no. 43 (Jan. 6, 1899).</subfield></datafield><datafield ind1=" " ind2="0" tag="651"><subfield code="a">Bedford (Town : N.Y.)</subfield><subfield code="v">Newspapers.</subfield></datafield><datafield ind1=" " ind2="0" tag="651"><subfield code="a">Katonah (N.Y.)</subfield><subfield code="v">Newspapers.</subfield></datafield><datafield ind1=" " ind2="0" tag="651"><subfield code="a">Westchester County (N.Y.)</subfield><subfield code="v">Newspapers.</subfield></datafield><datafield ind1=" " ind2=" " tag="752"><subfield code="a">United States</subfield><subfield code="b">New York</subfield><subfield code="c">Westchester</subfield><subfield code="d">Katonah.</subfield></datafield><datafield ind1="1" ind2="4" tag="780"><subfield code="t">Croton Falls news</subfield><subfield code="w">(DLC)sn2001061998</subfield><subfield code="w">(OCoLC)47832833</subfield></datafield><datafield ind1="1" ind2="4" tag="780"><subfield code="t">Folio</subfield><subfield code="w">(DLC)sn 92061892</subfield><subfield code="w">(OCoLC)26529058</subfield></datafield><datafield ind1="0" ind2="0" tag="785"><subfield code="t">North Westchester times</subfield><subfield code="w">(DLC)sn 94057536</subfield><subfield code="w">(OCoLC)30010453</subfield></datafield></record>